% Encoding: UTF-8

@InProceedings{BaPiKoSe15,
  author    = {Grey Ballard and Ali Pinar and Tamara G. Kolda and C. Seshadri},
  title     = {Diamond Sampling for Approximate Maximum All-pairs Dot-product ({MAD}) Search},
  booktitle = {ICDM 2015: Proceedings of the 2015 IEEE International Conference on Data Mining},
  year      = {2015},
  pages     = {11-20},
  month     = {November},
  doi       = {10.1109/ICDM.2015.46},
  eprint    = {1506.03872},
  eventdate = {2015-11-14/2015-11-17},
  venue     = {Atlantic City, NJ},
}

@Misc{TTB_Software,
  author       = {Brett W. Bader and Tamara G. Kolda and others},
  title        = {MATLAB Tensor Toolbox Version 2.5},
  howpublished = {Available online},
  month        = {January},
  year         = {2012},
  review       = {If you have used the Tensor Toolbox in your work in any way, please cite the software itself along with at least one publication or preprint:
TTB_Dense;
TTB_Sparse;
TTB_MET;
TTB_CPOPT;
TTB_CPWOPT;
TTB_SSHOPM;
TTB_CPAPR;},
  url          = {http://www.sandia.gov/~tgkolda/TensorToolbox/},
}

@Article{TTB_CPOPT,
  author  = {Evrim Acar and Daniel M. Dunlavy and Tamara G. Kolda},
  title   = {A Scalable Optimization Approach for Fitting Canonical Tensor Decompositions},
  journal = {Journal of Chemometrics},
  year    = {2011},
  volume  = {25},
  number  = {2},
  pages   = {67--86},
  month   = {February},
  doi     = {10.1002/cem.1335},
}

@InProceedings{TTB_MET,
  author    = {Tamara G. Kolda and Jimeng Sun},
  title     = {Scalable Tensor Decompositions for Multi-aspect Data Mining},
  booktitle = {ICDM 2008: Proceedings of the 8th IEEE International Conference on Data Mining},
  year      = {2008},
  pages     = {363--372},
  month     = {December},
  doi       = {10.1109/ICDM.2008.89},
}

@Article{TTB_Sparse,
  author  = {Brett W. Bader and Tamara G. Kolda},
  title   = {Efficient {MATLAB} computations with sparse and factored tensors},
  journal = {SIAM Journal on Scientific Computing},
  year    = {2007},
  volume  = {30},
  number  = {1},
  pages   = {205--231},
  month   = {December},
  doi     = {10.1137/060676489},
}

@Article{TTB_Dense,
  author  = {Brett W. Bader and Tamara G. Kolda},
  title   = {Algorithm 862: {MATLAB} tensor classes for fast algorithm prototyping},
  journal = {ACM Transactions on Mathematical Software},
  year    = {2006},
  volume  = {32},
  number  = {4},
  pages   = {635--653},
  month   = {December},
  doi     = {10.1145/1186785.1186794},
}

@Misc{TTB_CPAPR,
  author       = {Eric C. Chi and Tamara G. Kolda},
  title        = {On Tensors, Sparsity, and Nonnegative Factorizations},
  howpublished = {arXiv:1112.2414 [math.NA]},
  month        = {December},
  year         = {2011},
  url          = {http://arxiv.org/abs/1112.2414},
}

@Article{TTB_SSHOPM,
  author  = {Tamara G. Kolda and Jackson R. Mayo},
  title   = {Shifted Power Method for Computing Tensor Eigenpairs},
  journal = {SIAM Journal on Matrix Analysis and Applications},
  year    = {2011},
  volume  = {32},
  number  = {4},
  pages   = {1095-1124},
  month   = {October},
  doi     = {10.1137/100801482},
}

@Article{TTB_CPWOPT,
  author  = {Evrim Acar and Daniel M. Dunlavy and Tamara G. Kolda and Morten M{\o}rup},
  title   = {Scalable Tensor Factorizations for Incomplete Data},
  journal = {Chemometrics and Intelligent Laboratory Systems},
  year    = {2011},
  volume  = {106},
  number  = {1},
  pages   = {41--56},
  month   = {March},
  doi     = {10.1016/j.chemolab.2010.08.004},
}

@Article{KoBa09,
  author  = {Tamara G. Kolda and Brett W. Bader},
  title   = {Tensor Decompositions and Applications},
  journal = {SIAM Review},
  year    = {2009},
  volume  = {51},
  number  = {3},
  pages   = {455--500},
  month   = {September},
  doi     = {10.1137/07070111X},
}

@InProceedings{HuYiLa15,
  author    = {Hu, Yang and Yi, Xi and Davis, Larry S.},
  title     = {Collaborative Fashion Recommendation: A Functional Tensor Factorization Approach},
  booktitle = {Proceedings of the 23rd ACM International Conference on Multimedia},
  year      = {2015},
  series    = {MM '15},
  pages     = {129--138},
  address   = {New York, NY, USA},
  publisher = {ACM},
  acmid     = {2806239},
  doi       = {10.1145/2733373.2806239},
  isbn      = {978-1-4503-3459-4},
  keywords  = {collaborative filtering, gradient boosting, learning to rank, recommendation systems, tensor factorization},
  location  = {Brisbane, Australia},
  numpages  = {10},
  url       = {http://doi.acm.org/10.1145/2733373.2806239},
}

@InProceedings{Cohen97,
  author    = {Cohen, Edith and Lewis, David D.},
  title     = {Approximating Matrix Multiplication for Pattern Recognition Tasks},
  booktitle = {Proceedings of the Eighth Annual ACM-SIAM Symposium on Discrete Algorithms},
  year      = {1997},
  series    = {SODA '97},
  pages     = {682--691},
  address   = {Philadelphia, PA, USA},
  publisher = {Society for Industrial and Applied Mathematics},
  acmid     = {314415},
  isbn      = {0-89871-390-0},
  location  = {New Orleans, Louisiana, USA},
  numpages  = {10},
  url       = {http://dl.acm.org/citation.cfm?id=314161.314415},
}

@Article{Ilyas08,
  author     = {Ilyas, Ihab F. and Beskales, George and Soliman, Mohamed A.},
  title      = {A Survey of Top-k Query Processing Techniques in Relational Database Systems},
  journal    = {ACM Comput. Surv.},
  year       = {2008},
  volume     = {40},
  number     = {4},
  pages      = {11:1--11:58},
  month      = oct,
  acmid      = {1391730},
  address    = {New York, NY, USA},
  articleno  = {11},
  doi        = {10.1145/1391729.1391730},
  issn       = {0360-0300},
  issue_date = {October 2008},
  keywords   = {Top-k, rank aggregation, rank-aware processing, voting},
  numpages   = {58},
  publisher  = {ACM},
  url        = {http://doi.acm.org/10.1145/1391729.1391730},
}

@InProceedings{ReDaSu07,
  author    = {C. Re and N. Dalvi and D. Suciu},
  title     = {Efficient Top-k Query Evaluation on Probabilistic Data},
  booktitle = {2007 IEEE 23rd International Conference on Data Engineering},
  year      = {2007},
  pages     = {886-895},
  month     = {April},
  doi       = {10.1109/ICDE.2007.367934},
  issn      = {1063-6382},
  keywords  = {SQL;probability;query processing;SQL queries;SQL query evaluation;Top-k query evaluation;approximate probabilities;enterprise applications;probabilistic data;probabilistic databases;Application software;Cleaning;Computer science;Concurrent computing;Data mining;Databases;Motion pictures;Query processing;Text recognition;Uncertainty},
}

@InProceedings{Shen15,
  author    = {F. Shen and W. Liu and S. Zhang and Y. Yang and H. T. Shen},
  title     = {Learning Binary Codes for Maximum Inner Product Search},
  booktitle = {2015 IEEE International Conference on Computer Vision (ICCV)},
  year      = {2015},
  pages     = {4148-4156},
  month     = {Dec},
  doi       = {10.1109/ICCV.2015.472},
  keywords  = {binary codes;correlation methods;image coding;learning (artificial intelligence);search problems;AIBC;MIPS problem;asymmetric binary code learning framework;asymmetric hashing schemes;coding functions;correlation maximization;dubbed asymmetric inner-product binary coding;high-quality binary codes;inner product fitting;large-scale image datasets;maximum inner product search;Binary codes;Correlation;Encoding;Image coding;Kernel;Learning systems;Optimization},
}

@InProceedings{Ram12,
  author    = {Ram, Parikshit and Gray, Alexander G.},
  title     = {Maximum Inner-product Search Using Cone Trees},
  booktitle = {Proceedings of the 18th ACM SIGKDD International Conference on Knowledge Discovery and Data Mining},
  year      = {2012},
  series    = {KDD '12},
  pages     = {931--939},
  address   = {New York, NY, USA},
  publisher = {ACM},
  acmid     = {2339677},
  doi       = {10.1145/2339530.2339677},
  isbn      = {978-1-4503-1462-6},
  keywords  = {cone trees, dual-tree branch-and-bound, metric trees},
  location  = {Beijing, China},
  numpages  = {9},
  url       = {http://doi.acm.org/10.1145/2339530.2339677},
}

@InProceedings{Silb26,
  author    = {A. S. Silberstein and R. Braynard and C. Ellis and K. Munagala and Jun Yang},
  title     = {A Sampling-Based Approach to Optimizing Top-k Queries in Sensor Networks},
  booktitle = {22nd International Conference on Data Engineering (ICDE'06)},
  year      = {2006},
  pages     = {68-68},
  month     = {April},
  doi       = {10.1109/ICDE.2006.10},
  issn      = {1063-6382},
  keywords  = {Birds;Computer science;Constraint optimization;Data acquisition;Gaussian processes;Intelligent networks;Network topology;Predictive models;Query processing;Wireless sensor networks},
}

@Article{KoYe09,
  author    = {Koren, Yehuda and Bell, Robert and Volinsky, Chris and others},
  title     = {Matrix factorization techniques for recommender systems},
  journal   = {Computer},
  year      = {2009},
  volume    = {42},
  number    = {8},
  pages     = {30--37},
  publisher = {Institute of Electrical and Electronics Engineers, Inc., 3 Park Avenue, 17 th Fl New York NY 10016-5997 United States},
}

@InProceedings{Rendle_PITF,
  author    = {Rendle, Steffen and Schmidt-Thieme, Lars},
  title     = {Pairwise Interaction Tensor Factorization for Personalized Tag Recommendation},
  booktitle = {Proceedings of the Third ACM International Conference on Web Search and Data Mining},
  year      = {2010},
  series    = {WSDM '10},
  pages     = {81--90},
  address   = {New York, NY, USA},
  publisher = {ACM},
  acmid     = {1718498},
  doi       = {10.1145/1718487.1718498},
  isbn      = {978-1-60558-889-6},
  keywords  = {personalization, recommender systems, tag recommendation, tensor factorization},
  location  = {New York, New York, USA},
  numpages  = {10},
  url       = {http://doi.acm.org/10.1145/1718487.1718498},
}

@InProceedings{Cantador:RecSys2011,
  author    = {Cantador, Iv\'{a}n and Brusilovsky, Peter and Kuflik, Tsvi},
  title     = {2nd Workshop on Information Heterogeneity and Fusion in Recommender Systems (HetRec 2011)},
  booktitle = {Proceedings of the 5th ACM conference on Recommender systems},
  year      = {2011},
  series    = {RecSys 2011},
  address   = {New York, NY, USA},
  publisher = {ACM},
  keywords  = {information heterogeneity, information integration, recommender systems},
  location  = {Chicago, IL, USA},
}

@Article{Harper2015,
  author     = {Harper, F. Maxwell and Konstan, Joseph A.},
  title      = {The MovieLens Datasets: History and Context},
  journal    = {ACM Trans. Interact. Intell. Syst.},
  year       = {2015},
  volume     = {5},
  number     = {4},
  pages      = {19:1--19:19},
  month      = dec,
  acmid      = {2827872},
  address    = {New York, NY, USA},
  articleno  = {19},
  doi        = {10.1145/2827872},
  issn       = {2160-6455},
  issue_date = {January 2016},
  keywords   = {Datasets, MovieLens, ratings, recommendations},
  numpages   = {19},
  publisher  = {ACM},
  url        = {http://doi.acm.org/10.1145/2827872},
}

@Book{Salton03IR,
  title     = {Information retrieval},
  publisher = {John Wiley and Sons Ltd.},
  year      = {2003},
  author    = {Salton, Gerard and Harman, Donna},
}

@InProceedings{Rendle_AR,
  author    = {Rendle, Steffen},
  title     = {Learning Recommender Systems with Adaptive Regularization},
  booktitle = {Proceedings of the Fifth ACM International Conference on Web Search and Data Mining},
  year      = {2012},
  series    = {WSDM '12},
  pages     = {133--142},
  address   = {New York, NY, USA},
  publisher = {ACM},
  acmid     = {2124313},
  doi       = {10.1145/2124295.2124313},
  isbn      = {978-1-4503-0747-5},
  keywords  = {matrix factorization, regularization, tensor factorization},
  location  = {Seattle, Washington, USA},
  numpages  = {10},
  url       = {http://doi.acm.org/10.1145/2124295.2124313},
}

@InProceedings{FangPan14,
  author    = {Fang, Xiaomin and Pan, Rong},
  title     = {Fast DTT: A Near Linear Algorithm for Decomposing a Tensor into Factor Tensors},
  booktitle = {Proceedings of the 20th ACM SIGKDD International Conference on Knowledge Discovery and Data Mining},
  year      = {2014},
  series    = {KDD '14},
  pages     = {967--976},
  address   = {New York, NY, USA},
  publisher = {ACM},
  acmid     = {2623713},
  doi       = {10.1145/2623330.2623713},
  isbn      = {978-1-4503-2956-9},
  keywords  = {DTT, tensor decomposition},
  location  = {New York, New York, USA},
  numpages  = {10},
  url       = {http://doi.acm.org/10.1145/2623330.2623713},
}

@InProceedings{Rendle_RTF,
  author    = {Rendle, Steffen and Balby Marinho, Leandro and Nanopoulos, Alexandros and Schmidt-Thieme, Lars},
  title     = {Learning Optimal Ranking with Tensor Factorization for Tag Recommendation},
  booktitle = {Proceedings of the 15th ACM SIGKDD International Conference on Knowledge Discovery and Data Mining},
  year      = {2009},
  series    = {KDD '09},
  pages     = {727--736},
  address   = {New York, NY, USA},
  publisher = {ACM},
  acmid     = {1557100},
  doi       = {10.1145/1557019.1557100},
  isbn      = {978-1-60558-495-9},
  keywords  = {ranking, tag recommendation, tensor factorization},
  location  = {Paris, France},
  numpages  = {10},
  url       = {http://doi.acm.org/10.1145/1557019.1557100},
}

@Article{Rendle_libFM,
  author     = {Rendle, Steffen},
  title      = {Factorization Machines with libFM},
  journal    = {ACM Trans. Intell. Syst. Technol.},
  year       = {2012},
  volume     = {3},
  number     = {3},
  pages      = {57:1--57:22},
  month      = may,
  acmid      = {2168771},
  address    = {New York, NY, USA},
  articleno  = {57},
  doi        = {10.1145/2168752.2168771},
  issn       = {2157-6904},
  issue_date = {May 2012},
  keywords   = {Factorization model, collaborative filtering, factorization machine, matrix factorization, recommender system, tensor factorization},
  numpages   = {22},
  publisher  = {ACM},
  url        = {http://doi.acm.org/10.1145/2168752.2168771},
}

@InProceedings{Rendle_FM,
  author    = {S. Rendle},
  title     = {Factorization Machines},
  booktitle = {2010 IEEE International Conference on Data Mining},
  year      = {2010},
  pages     = {995-1000},
  month     = {Dec},
  doi       = {10.1109/ICDM.2010.127},
  issn      = {1550-4786},
}

@InProceedings{SyNa08,
  author    = {Symeonidis, Panagiotis and Nanopoulos, Alexandros and Manolopoulos, Yannis},
  title     = {Tag Recommendations Based on Tensor Dimensionality Reduction},
  booktitle = {Proceedings of the 2008 ACM Conference on Recommender Systems},
  year      = {2008},
  series    = {RecSys '08},
  pages     = {43--50},
  address   = {New York, NY, USA},
  publisher = {ACM},
  acmid     = {1454017},
  doi       = {10.1145/1454008.1454017},
  isbn      = {978-1-60558-093-7},
  keywords  = {recommender systems, social tagging},
  location  = {Lausanne, Switzerland},
  numpages  = {8},
  url       = {http://doi.acm.org/10.1145/1454008.1454017},
}

@Article{Vose91,
  author     = {Vose, Michael D.},
  title      = {A Linear Algorithm for Generating Random Numbers with a Given Distribution},
  journal    = {IEEE Trans. Softw. Eng.},
  year       = {1991},
  volume     = {17},
  number     = {9},
  pages      = {972--975},
  month      = sep,
  acmid      = {126280},
  address    = {Piscataway, NJ, USA},
  doi        = {10.1109/32.92917},
  issn       = {0098-5589},
  issue_date = {September 1991},
  keywords   = {arbitrary probability distribution, finite set, genetic algorithms, linear algorithm, probability, random number generation, random numbers, random variable, simple genetic algorithm},
  numpages   = {4},
  publisher  = {IEEE Press},
  url        = {http://dx.doi.org/10.1109/32.92917},
}

@Article{Drineas2006,
  author     = {Drineas, Petros and Kannan, Ravi and Mahoney, Michael W.},
  title      = {Fast Monte Carlo Algorithms for Matrices I: Approximating Matrix Multiplication},
  journal    = {SIAM J. Comput.},
  year       = {2006},
  volume     = {36},
  number     = {1},
  pages      = {132--157},
  month      = jul,
  acmid      = {1136604},
  address    = {Philadelphia, PA, USA},
  doi        = {10.1137/S0097539704442684},
  issn       = {0097-5397},
  issue_date = {2006},
  keywords   = {Monte Carlo methods, massive data sets, matrix multiplication, randomized algorithms, streaming models},
  numpages   = {26},
  publisher  = {Society for Industrial and Applied Mathematics},
  url        = {http://dx.doi.org/10.1137/S0097539704442684},
}

@InProceedings{Rendle_BPR,
  author    = {Rendle, Steffen and Freudenthaler, Christoph and Gantner, Zeno and Schmidt-Thieme, Lars},
  title     = {BPR: Bayesian Personalized Ranking from Implicit Feedback},
  booktitle = {Proceedings of the Twenty-Fifth Conference on Uncertainty in Artificial Intelligence},
  year      = {2009},
  series    = {UAI '09},
  pages     = {452--461},
  address   = {Arlington, Virginia, United States},
  publisher = {AUAI Press},
  acmid     = {1795167},
  isbn      = {978-0-9749039-5-8},
  location  = {Montreal, Quebec, Canada},
  numpages  = {10},
  url       = {http://dl.acm.org/citation.cfm?id=1795114.1795167},
}

@Article{John15,
  author  = {John T. Holodnak and Ilse C. F. Ipsen},
  title   = {Randomized Approximation of the Gram Matrix: Exact Computation and Probabilistic Bounds},
  journal = {SIAM Journal on Matrix Analysis and Applications},
  year    = {2015},
  volume  = {36},
  number  = {1},
  pages   = {110-137},
  doi     = {10.1137/130940116},
  eprint  = { http://dx.doi.org/10.1137/130940116 },
  url     = { 
        http://dx.doi.org/10.1137/130940116
    
},
}

@Article{Andoni08,
  author     = {Andoni, Alexandr and Indyk, Piotr},
  title      = {Near-optimal Hashing Algorithms for Approximate Nearest Neighbor in High Dimensions},
  journal    = {Commun. ACM},
  year       = {2008},
  volume     = {51},
  number     = {1},
  pages      = {117--122},
  month      = jan,
  acmid      = {1327494},
  address    = {New York, NY, USA},
  doi        = {10.1145/1327452.1327494},
  issn       = {0001-0782},
  issue_date = {January 2008},
  numpages   = {6},
  publisher  = {ACM},
  url        = {http://doi.acm.org/10.1145/1327452.1327494},
}

@InProceedings{ALSH14,
  author    = {Shrivastava, Anshumali and Li, Ping},
  title     = {Asymmetric LSH (ALSH) for Sublinear Time Maximum Inner Product Search (MIPS)},
  booktitle = {Proceedings of the 27th International Conference on Neural Information Processing Systems},
  year      = {2014},
  series    = {NIPS'14},
  pages     = {2321--2329},
  address   = {Cambridge, MA, USA},
  publisher = {MIT Press},
  acmid     = {2969086},
  location  = {Montreal, Canada},
  numpages  = {9},
  url       = {http://dl.acm.org/citation.cfm?id=2969033.2969086},
}

@InProceedings{Bertalmio00,
  author    = {Bertalmio, Marcelo and Sapiro, Guillermo and Caselles, Vincent and Ballester, Coloma},
  title     = {Image Inpainting},
  booktitle = {Proceedings of the 27th Annual Conference on Computer Graphics and Interactive Techniques},
  year      = {2000},
  series    = {SIGGRAPH '00},
  pages     = {417--424},
  address   = {New York, NY, USA},
  publisher = {ACM Press/Addison-Wesley Publishing Co.},
  acmid     = {344972},
  doi       = {10.1145/344779.344972},
  isbn      = {1-58113-208-5},
  keywords  = {anisotropic diffusion, image restoration, inpainting, isophotes},
  numpages  = {8},
  url       = {http://dx.doi.org/10.1145/344779.344972},
}

@Article{Ankita14,
  author  = {Ankita Bagul and Asha Bhalerao and Vaishali Dhage},
  title   = {Article: Video Inpainting},
  journal = {International Journal of Computer Applications},
  year    = {2014},
  volume  = {91},
  number  = {2},
  pages   = {5-10},
  month   = {April},
  note    = {Full text available},
}

@Article{LibenNowell07,
  author    = {Liben-Nowell, David and Kleinberg, Jon},
  title     = {The link-prediction problem for social networks},
  journal   = {Journal of the American Society for Information Science and Technology},
  year      = {2007},
  volume    = {58},
  number    = {7},
  pages     = {1019--1031},
  doi       = {10.1002/asi.20591},
  issn      = {1532-2890},
  publisher = {Wiley Subscription Services, Inc., A Wiley Company},
  url       = {http://dx.doi.org/10.1002/asi.20591},
}

@Article{Ke2010,
  author  = {Ke, Y. and Sukthankar, R. and Huston, L.},
  title   = {Efficient nearduplicate detection and subimage retrieval},
  journal = {Acm Multimedia},
  year    = {2010},
  pages   = {869--876},
}

@Misc{lastfm,
  author       = {Last.fm website},
  howpublished = {\url{http://www.lastfm.com}},
}

@Misc{delicious,
  author       = {Delicious},
  title        = {Delicious},
  howpublished = {\url{http://www.delicious.com}},
}

@Comment{jabref-meta: databaseType:bibtex;}
